@article{nash1950equilibrium,
  title={Equilibrium points in n-person games},
  author={Nash, John F and others},
  journal={Proceedings of the national academy of sciences},
  volume={36},
  number={1},
  pages={48--49},
  year={1950},
  publisher={USA},
  doi={10.1073/pnas.36.1.48},
}

@article{knight2017measuring,
  title={Measuring the price of anarchy in critical care unit interactions},
  author={Knight, Vincent and Komenda, Izabela and Griffiths, Jeff},
  journal={Journal of the Operational Research Society},
  volume={68},
  number={6},
  pages={630--642},
  year={2017},
  publisher={Springer},
  doi={10.1057/s41274-016-0100-8},
}

@article{lemke1964equilibrium,
  title={Equilibrium points of bimatrix games},
  author={Lemke, Carlton E and Howson, Jr, Joseph T},
  journal={Journal of the Society for Industrial and Applied Mathematics},
  volume={12},
  number={2},
  pages={413--423},
  year={1964},
  publisher={SIAM},
  doi={10.1137/0112033},
}

@article{mckelvey2006gambit,
  title={Gambit: Software tools for game theory},
  author={McKelvey, Richard D and McLennan, Andrew M and Turocy, Theodore L},
  year={2006},
  publisher={Version 0.2006. 01.20}
}

@Misc{scipy,
  author =    {Eric Jones and Travis Oliphant and Pearu Peterson and others},
  title =     {{SciPy}: Open source scientific tools for {Python}},
  year =      {2001},
  url = "http://www.scipy.org/",
  note = {[Online; accessed <today>]}
}

@misc{zenodo,
  author       = {Vince Knight and
                  Ria Baldevia},
  title        = {drvinceknight/Nashpy: v0.0.13},
  month        = jan,
  year         = 2018,
  doi          = {10.5281/zenodo.1163694},
  url          = {https://doi.org/10.5281/zenodo.1163694}
}
